@article{einstein1905,
  title={Über einen die Erzeugung und Verwandlung des Lichtes betreffenden heuristischen Gesichtspunkt},
  author={Einstein, Albert},
  journal={Annalen der Physik},
  volume={17},
  number={6},
  pages={132--148},
  year={1905},
  publisher={Wiley Online Library}
}

@article{heisenberg1927,
  title={Über den anschaulichen Inhalt der quantentheoretischen Kinematik und Mechanik},
  author={Heisenberg, Werner},
  journal={Zeitschrift für Physik},
  volume={43},
  number={3},
  pages={172--198},
  year={1927},
  publisher={Springer}
}

@article{feynman1982,
  title={Simulating physics with computers},
  author={Feynman, Richard P},
  journal={International Journal of Theoretical Physics},
  volume={21},
  number={6},
  pages={467--488},
  year={1982},
  publisher={Springer}
}

@book{griffiths2018,
  title={Introduction to Quantum Mechanics},
  author={Griffiths, David J and Schroeter, Darrell F},
  year={2018},
  publisher={Cambridge University Press},
  edition={3rd}
}

@article{schrodinger1926,
  title={Quantisierung als Eigenwertproblem},
  author={Schrödinger, Erwin},
  journal={Annalen der Physik},
  volume={384},
  number={4},
  pages={361--376},
  year={1926},
  publisher={Wiley Online Library}
}

@book{cohen2013,
  title={Quantum Mechanics},
  author={Cohen-Tannoudji, Claude and Diu, Bernard and Laloë, Franck},
  year={2013},
  publisher={John Wiley \& Sons},
  edition={2nd}
}

@article{bell1964,
  title={On the Einstein Podolsky Rosen paradox},
  author={Bell, John S},
  journal={Physics Physique Физика},
  volume={1},
  number={3},
  pages={195--200},
  year={1964},
  publisher={American Physical Society}
}

@book{nielsen2010,
  title={Quantum Computation and Quantum Information},
  author={Nielsen, Michael A and Chuang, Isaac L},
  year={2010},
  publisher={Cambridge University Press},
  edition={10th anniversary}
}
